0                 01BSP       OFFICE OF WORKERS COMP    000001PAYROLL     20260419                                                  
1088-311000007018992078 530001575000TAVAYAM WORIANIM                CLAIMS PAYMENT - 1088-943000001000489411OFFICE OF WORKER00000000
1088-314000000000992575 530000065000FRED YANO                       CLAIMS PAYMENT - 1088-943000001000489411OFFICE OF WORKER00000000
1088-311000001013714470 530001375000MIKE LEMBON                     CLAIMS PAYMENT - 1088-943000001000489411OFFICE OF WORKER00000000
1088-306000007025089868 530000100000INNOK GONOP                     CLAIMS PAYMENT - 1088-943000001000489411OFFICE OF WORKER00000000
1088-307000007014273689 530001250000JOHN WANDAU TU                  CLAIMS PAYMENT - 1088-943000001000489411OFFICE OF WORKER00000000
1088-202000007002633191 530000656250GEORGE YENDERIKU                CLAIMS PAYMENT - 1088-943000001000489411OFFICE OF WORKER00000000
1088-324000007017890299 530001275000MARIA ZAIWAKA JOHN              CLAIMS PAYMENT - 1088-943000001000489411OFFICE OF WORKER00000000
1088-681000000000995299 530003662284RACHEL SOMI                     CLAIMS PAYMENT - 1088-943000001000489411OFFICE OF WORKER00000000
1088-943000001002040317 530000062500XAVIER MASIN                    CLAIMS PAYMENT - 1088-943000001000489411OFFICE OF WORKER00000000
1088-202000000000824893 530000804500KENNEDY FIDO                    CLAIMS PAYMENT - 1088-943000001000489411OFFICE OF WORKER00000000
1088-312000000001140818 530000430000KEITH ROSS ARIB                 CLAIMS PAYMENT - 1088-943000001000489411OFFICE OF WORKER00000000
1088-968000007023037935 530001032000MOSES TOLARO                    CLAIMS PAYMENT - 1088-943000001000489411OFFICE OF WORKER00000000
1028-411000000024405312 530000280000RICHARD SAPALOJANG              CLAIMS PAYMENT - 1088-943000001000489411OFFICE OF WORKER00000000
1088-202000007020470733 530000225000PURO NUMA                       CLAIMS PAYMENT - 1088-943000001000489411OFFICE OF WORKER00000000
1088-317000000000281647 530001612500MATHIAS JACK                    CLAIMS PAYMENT - 1088-943000001000489411OFFICE OF WORKER00000000
1088-312000007006098045 530000968750LABAN HANANA                    CLAIMS PAYMENT - 1088-943000001000489411OFFICE OF WORKER00000000
1088-294000007009298394 530000129537JOHN VADA HENI                  CLAIMS PAYMENT - 1088-943000001000489411OFFICE OF WORKER00000000
1088-943000001000489411 130015503321OFFICE OF WORKERS COMP          SALARY            088-943000001000489411OFFICE OF WORKER00000000
7999-999            000000000000155033210015503321                        000018                                                    
