0                 01BSP       OFFICE OF WORKERS COMP    000001PAYROLL     20260420                                                  
1088-888000000000008888 530001000000MEK NASON                       CLAIMSPAY-14-04-26088-943000001000489411OFFICE OF WORKER00000000
1088-888000000888888888 530000100000BETTY MEK                       CLAIMSPAY-14-04-26088-943000001000489411OFFICE OF WORKER00000000
1088-888000000088889999 530000100000GEORGE MEK                      CLAIMSPAY-14-04-26088-943000001000489411OFFICE OF WORKER00000000
1088-943000001000489411 130001200000OFFICE OF WORKERS COMP          SALARY            088-943000001000489411OFFICE OF WORKER00000000
7999-999            000000000000012000000001200000                        000004                                                    
